@book{Stoneman2020
  author = {Elton Stoneman},
  title = {Docker in a Month of Lunches},
  publisher = {Manning},
  year = {2020},
  isbn = {978-1617297052}
}
